@book{BOOK:1,
  author         = "Martin Fowler",
  editor         = {},
  publisher      = "Pearson Addison Wesley",
  title          = "UML Distilled: A Brief Guide to the Standard Object
  Modeling Language",
  year           = "1997"
}
@book{BOOK:2,
  author         = "Russ Miles and Kim Hamilton",
  editor         = {},
  publisher      = "O'Reilly Media",
  title          = "Learning UML 2.0 A Pragmatic Introduction
  to UML",
  year           = "2006"
}
@misc{WEBSITE:3,
  author       = "Harsh Singh",
  howpublished = "https://dev.to/harshhhdev/why-orms-arent-always-a-great-idea-41kg",
  title        = "Why ORMs Aren't Always a Great Idea",
  year         = "2022"
}
@misc{WEBSITE:4,
  author       = "Mithun Sasidharan",
  howpublished = "https://medium.com/@mithunsasidharan/should-i-or-should-i-not-use-orm-4c3742a639ce",
  title        = "Should I Or Should I Not Use ORM ?",
  year         = "2016"
}
@misc{WEBSITE:5,
  author       = "Agridence",
  howpublished = "https://www.linkedin.com/pulse/orm-agridence",
  title        = "To ORM or not to ORM",
  year         = "2023"
}
@misc{WEBSITE:6,
  author       = "Bill Armelin",
  howpublished = "https://akfpartners.com/growth-blog/to-orm-or-not-to-orm",
  title        = "To ORM or Not to ORM: Do we keep it or replace it?",
  year         = "2022"
}